@book{salsburg_2002, place={New York}, title={The lady tasting tea: how statistics revolutionized science in the twentieth century}, publisher={Henry Holt and Company}, author={Salsburg, David S.}, year={2002}}

@article {Neyman289,
	author = { and },
	title = {IX. On the problem of the most efficient tests of statistical hypotheses},
	volume = {231},
	number = {694-706},
	pages = {289--337},
	year = {1933},
	doi = {10.1098/rsta.1933.0009},
	publisher = {The Royal Society},
	issn = {0264-3952},
	URL = {http://rsta.royalsocietypublishing.org/content/231/694-706/289},
	eprint = {http://rsta.royalsocietypublishing.org/content/231/694-706/289.full.pdf},
	journal = {Philosophical Transactions of the Royal Society of London A: Mathematical, Physical and Engineering Sciences}
}

@misc{ wiki:pearson,
    author = "{Wikipedia contributors}",
    title = "Karl Pearson --- {Wikipedia}{,} The Free Encyclopedia",
    year = "2018",
    url = "https://en.wikipedia.org/w/index.php?title=Karl_Pearson&oldid=865833923",
    note = "[Online; accessed 6-November-2018]"
  }
  
@book{britannica_pearson, 
    title={Karl Pearson - Encyclopædia Britannica}, url={academic.eb.com/levels/collegiate/article/Karl-Pearson/58886},
    publisher = {Encyclopædia Britannica},
    journal={Encyclopædia Britannica},
    year={2018}
    }
 

@book{britannica_galton, 
    title={Francis Galton - Encyclopædia Britannica}, url={https://www.britannica.com/biography/Francis-Galton},
    publisher = {Encyclopædia Britannica},
    journal={Encyclopædia Britannica},
    year={2018}
    }

@book{britannica_fisher, 
    title={Sir Ronald Aylmer Fisher - Encyclopædia Britannica}, url={https://www.britannica.com/biography/Ronald-Aylmer-Fisher},
    publisher = {Encyclopædia Britannica},
    journal={Encyclopædia Britannica},
    year={2018}
    }






@article{orig_pearson_chi,
author = { Karl   Pearson   F.R.S. },
title = {X. On the criterion that a given system of deviations from the probable in the case of a correlated system of variables is such that it can be reasonably supposed to have arisen from random sampling},
journal = {The London, Edinburgh, and Dublin Philosophical Magazine and Journal of Science},
volume = {50},
number = {302},
pages = {157-175},
year  = {1900},
publisher = {Taylor & Francis},
doi = {10.1080/14786440009463897},

URL = { 
        https://doi.org/10.1080/14786440009463897
    
},
eprint = { 
        https://doi.org/10.1080/14786440009463897
    
}

}


    
    
@article{pearson_chi,
 ISSN = {03067734, 17515823},
 URL = {http://www.jstor.org/stable/1402731},
 number = {1},
 pages = {59--72},
 publisher = {[Wiley, International Statistical Institute (ISI)]},
 title = {Karl Pearson and the Chi-Squared Test},
 volume = {51},
 year = {1983}
}
    
    
@misc{ wiki:grammar_science,
    author = "{Wikipedia contributors}",
    title = "The Grammar of Science --- {Wikipedia}{,} The Free Encyclopedia",
    year = "2018",
    howpublished = "\url{https://en.wikipedia.org/w/index.php?title=The_Grammar_of_Science&oldid=859753471}",
    note = "[Online; accessed 7-November-2018]"
  }
  
  @misc{ wiki:chi_squared,
    author = "{Wikipedia contributors}",
    title = "Pearson's chi-squared test --- {Wikipedia}{,} The Free Encyclopedia",
    year = "2018",
    howpublished = "\url{https://en.wikipedia.org/w/index.php?title=Pearson%27s_chi-squared_test&oldid=857780045}",
    note = "[Online; accessed 7-November-2018]"
  }
  
@book{fisher:1935,
  added-at = {2009-10-28T04:42:52.000+0100},
  address = {Edinburgh},
  author = {Fisher, R.A.},
  biburl = {https://www.bibsonomy.org/bibtex/2848c0d82200028f9225bc3a62b773289/jwbowers},
  date-added = {2007-09-03 22:45:16 -0500},
  date-modified = {2007-09-03 22:45:16 -0500},
  interhash = {9342665c9b607c072447f16c0b9127df},
  intrahash = {848c0d82200028f9225bc3a62b773289},
  journal = {Oliver \& Boyd Edinburgh, Scotland},
  keywords = {imported},
  publisher = {Oliver and Boyd},
  timestamp = {2009-10-28T04:43:07.000+0100},
  title = {{The design of experiments. 1935}},
  year = 1935
}
  
  @article{Fisher1921,
    author = {Fisher, R. A.},
    citeulike-article-id = {2344770},
    journal = {Metron},
    keywords = {bibtex-import, methods},
    pages = {3--32},
    posted-at = {2008-02-06 23:58:08},
    priority = {2},
    title = {{On the probable error of a coefficient of correlation deduced from a small sample}},
    volume = {1},
    year = {1921}
}

@book{cambridgestats, place={Cambridge}, title={The Cambridge dictionary of statistics}, publisher={Cambridge University Press}, author={Everitt, B.S and Skrondal, A.}, year={2004}}

@book{rice_2007, place={New Delhi}, title={Mathematical statistics and data analysis}, publisher={Cengage Learning/Brooks/Cole}, author={Rice, John A.}, year={2007}}

@misc{ wiki:laplace_dist,
    author = "{Wikipedia contributors}",
    title = "Laplace distribution --- {Wikipedia}{,} The Free Encyclopedia",
    year = "2018",
    howpublished = "\url{https://en.wikipedia.org/w/index.php?title=Laplace_distribution&oldid=867802044}",
    note = "[Online; accessed 24-November-2018]"
  }
  
  
@misc{eugenics_def,
  author = {{Merriam-Webster Online}},
  title = {{Eugenics}},
  url = {http://www.merriam-webster.com},
  year = 2009
}


@article{crop_var_1, title={Studies in crop variation. I. An examination of the yield of dressed grain from Broadbalk}, volume={11}, DOI={10.1017/S0021859600003750}, number={2}, journal={The Journal of Agricultural Science}, publisher={Cambridge University Press}, author={Fisher, R. A.}, year={1921}, pages={107–135}}

@article{crop_var_2, title={Studies in crop variation. II. The manurial response of different potato varieties}, volume={13}, DOI={10.1017/S0021859600003592}, number={3}, journal={The Journal of Agricultural Science}, publisher={Cambridge University Press}, author={Fisher, R. A. and Mackenzie, W. A.}, year={1923}, pages={311–320}}

@article{galton_regression,
 ISSN = {09595295},
 URL = {http://www.jstor.org/stable/2841583},
 author = {Francis Galton},
 journal = {The Journal of the Anthropological Institute of Great Britain and Ireland},
 pages = {246--263},
 publisher = {[Royal Anthropological Institute of Great Britain and Ireland, Wiley]},
 title = {Regression Towards Mediocrity in Hereditary Stature.},
 volume = {15},
 year = {1886}
}

@misc{ wiki:eugenics,
    author = "{Wikipedia contributors}",
    title = "Eugenics --- {Wikipedia}{,} The Free Encyclopedia",
    year = "2018",
    howpublished = "\url{https://en.wikipedia.org/w/index.php?title=Eugenics&oldid=871647923}",
    note = "[Online; accessed 3-December-2018]"
  }
  
  @misc{ wiki:history_stats,
    author = "{Wikipedia contributors}",
    title = "History of statistics --- {Wikipedia}{,} The Free Encyclopedia",
    year = "2018",
    howpublished = "\url{https://en.wikipedia.org/w/index.php?title=History_of_statistics&oldid=869921460}",
    note = "[Online; accessed 4-December-2018]"
  }
  
  @misc{ wiki:fisher,
    author = "{Wikipedia contributors}",
    title = "Ronald Fisher --- {Wikipedia}{,} The Free Encyclopedia",
    year = "2018",
    howpublished = "\url{https://en.wikipedia.org/w/index.php?title=Ronald_Fisher&oldid=870286467}",
    note = "[Online; accessed 4-December-2018]"
  }